<record><leader>00000cas a22000007a 4500</leader><controlfield tag="001">27153871</controlfield><controlfield tag="008">921221d19131973okuwr ne      0    0eng d</controlfield><datafield ind1=" " ind2=" " tag="010"><subfield code="a">sn 92072444 </subfield></datafield><datafield ind1=" " ind2=" " tag="040"><subfield code="a">OBN</subfield><subfield code="b">eng</subfield><subfield code="c">OBN</subfield><subfield code="d">OCL</subfield><subfield code="d">OBN</subfield><subfield code="d">OCLCQ</subfield></datafield><datafield ind1=" " ind2=" " tag="042"><subfield code="a">msc</subfield></datafield><datafield ind1="0" ind2=" " tag="130"><subfield code="a">Broken Bow news (Broken Bow, Okla. : 1913)</subfield></datafield><datafield ind1="1" ind2="4" tag="245"><subfield code="a">The Broken Bow news.</subfield></datafield><datafield ind1=" " ind2=" " tag="260"><subfield code="a">Broken Bow, Okla. :</subfield><subfield code="b">C.F. Pyle</subfield></datafield><datafield ind1=" " ind2=" " tag="300"><subfield code="a">v.</subfield></datafield><datafield ind1=" " ind2=" " tag="310"><subfield code="a">Weekly</subfield></datafield><datafield ind1="0" ind2=" " tag="362"><subfield code="a">Vol. 2, no. 17 (Feb. 21, 1913)-v. 61, no. 20 (Apr. 26, 1973).</subfield></datafield><datafield ind1=" " ind2="4" tag="651"><subfield code="a">Broken Bow (Okla.)</subfield><subfield code="v">Newspapers.</subfield></datafield><datafield ind1=" " ind2="4" tag="651"><subfield code="a">McCurtain County (Okla.)</subfield><subfield code="v">Newspapers.</subfield></datafield><datafield ind1=" " ind2=" " tag="752"><subfield code="a">United States</subfield><subfield code="b">Oklahoma</subfield><subfield code="c">McCurtain</subfield><subfield code="d">Broken Bow.</subfield></datafield><datafield ind1="0" ind2="4" tag="780"><subfield code="t">B B developer</subfield><subfield code="w">(DLC)sn 94058795</subfield><subfield code="w">(OCoLC)30326242</subfield></datafield><datafield ind1="0" ind2="4" tag="780"><subfield code="t">Acme news (Broken Bow, Okla.)</subfield><subfield code="w">(DLC)sn 94058794</subfield><subfield code="w">(OCoLC)30326173</subfield></datafield><datafield ind1="0" ind2="0" tag="785"><subfield code="t">Broken Bow news and McCurtain County news-graphic</subfield><subfield code="w">(DLC)sn 92072446</subfield><subfield code="w">(OCoLC)27153919</subfield></datafield></record>